<record xmlns='http://www.loc.gov/MARC21/slim'><leader>00984cam a2200265 i 4500</leader><controlfield tag='001'>99276293506421</controlfield><controlfield tag='005'>20200728162955.0</controlfield><controlfield tag='008'>801010s1964    miua    ab    000 0 eng  </controlfield><datafield ind1=' ' ind2=' ' tag='035'><subfield code='a'>(OCoLC)83431252</subfield></datafield><datafield ind1=' ' ind2=' ' tag='035'><subfield code='a'>(CStRLIN)NJPG19035810-B</subfield></datafield><datafield ind1=' ' ind2=' ' tag='035'><subfield code='9'>AAJ1990TS</subfield></datafield><datafield ind1=' ' ind2=' ' tag='035'><subfield code='a'>27629</subfield></datafield><datafield ind1=' ' ind2=' ' tag='035'><subfield code='a'>(NjP)27629-princetondb</subfield></datafield><datafield ind1=' ' ind2=' ' tag='040'><subfield code='a'>NjP</subfield><subfield code='b'>eng</subfield><subfield code='c'>NjP</subfield></datafield><datafield ind1='1' ind2=' ' tag='100'><subfield code='a'>Singh, Digvijai,</subfield><subfield code='d'>1934-</subfield><subfield code='0'>http://id.loc.gov/authorities/names/n88624837</subfield></datafield><datafield ind1='1' ind2='0' tag='245'><subfield code='a'>Advanced concepts of the stability of two-wheeled vehicles :</subfield><subfield code='b'>application of mathematical analysis to actual vehicles /</subfield><subfield code='c'>by Digvijai Singh.</subfield></datafield><datafield ind1=' ' ind2=' ' tag='260'><subfield code='a'>Madison :</subfield><subfield code='b'>University of Wisconsin,</subfield><subfield code='c'>1964.</subfield></datafield><datafield ind1=' ' ind2=' ' tag='300'><subfield code='a'>x, 203 p. :</subfield><subfield code='b'>ill.</subfield></datafield><datafield ind1=' ' ind2=' ' tag='500'><subfield code='a'>Vita.</subfield></datafield><datafield ind1=' ' ind2=' ' tag='500'><subfield code='a'>Thesis--University of Wisconsin.</subfield></datafield><datafield ind1=' ' ind2=' ' tag='500'><subfield code='a'>Microfilm. Ann Arbor : University Microfilms, 1964. -- 1 reel ; 35 mm.</subfield></datafield><datafield ind1=' ' ind2=' ' tag='500'><subfield code='a'>&quot;64-10, 311&quot;</subfield></datafield><datafield ind1=' ' ind2=' ' tag='504'><subfield code='a'>Bibliography: p. 202-203.</subfield></datafield><datafield ind1=' ' ind2=' ' tag='998'><subfield code='a'>10/10/80</subfield><subfield code='s'>9114</subfield><subfield code='n'>NjP</subfield><subfield code='w'>NJPG19035810B</subfield><subfield code='d'>05/05/81</subfield><subfield code='c'>PMG</subfield><subfield code='b'>KSG</subfield><subfield code='i'>801010</subfield><subfield code='l'>NJPG</subfield></datafield><datafield ind1=' ' ind2=' ' tag='911'><subfield code='a'>19921028</subfield></datafield><datafield ind1=' ' ind2=' ' tag='912'><subfield code='a'>19900820000000.0</subfield></datafield><datafield ind1=' ' ind2=' ' tag='INT'><subfield code='a'>P</subfield></datafield><datafield ind1=' ' ind2=' ' tag='INST'><subfield code='a'>01PRI_INST</subfield></datafield><datafield ind1=' ' ind2=' ' tag='AVA'><subfield code='0'>99276293506421</subfield><subfield code='8'>22244487270006421</subfield><subfield code='a'>01PRI_INST</subfield><subfield code='b'>recap</subfield><subfield code='c'>Remote Storage: Use in Firestone Microforms only</subfield><subfield code='d'>MICROFILM 03732</subfield><subfield code='e'>available</subfield><subfield code='f'>1</subfield><subfield code='g'>0</subfield><subfield code='j'>pf</subfield><subfield code='k'>8</subfield><subfield code='p'>1</subfield><subfield code='q'>ReCAP</subfield></datafield></record>